00595cas a22002291a 4500
001 999310763502836
003 Nz
005 20161223153135.0
008 040109d1866uuuunz  r ne      0   0 eng d
035    $a (NLNZils)931076
035    $a (Nz)8177763
035    $a (NLNZils)931076-ilsdb
035    $a (OCoLC)173422461
040    $a WN $c WN
042    $a nznb
043    $a u-nz---
245 00 $a Otahuhu dispatch.
260    $a [Otahuhu, N.Z. : $b s.n., $c 1866-?]
310    $a Semiweekly
362 0  $a 1866 Oct.3?-?
651  0 $a Otahuhu (Auckland, N.Z.) $v Newspapers.
655  7 $a New Zealand newspapers. $2 local $5 Nz
